<?xml version='1.0' encoding='UTF-8'?>
<record xmlns="http://www.loc.gov/MARC21/slim">
  <leader>00922cam a2200205 a 4500</leader>
  <controlfield tag="001">435866</controlfield>
  <controlfield tag="003">NjP</controlfield>
  <controlfield tag="005">20170605131023.0</controlfield>
  <controlfield tag="008">880330s1983    ir            00010 ara d</controlfield>
  <datafield tag="024" ind1="7" ind2=" ">
    <subfield code="a">princeton_aco003031</subfield>
    <subfield code="2">local</subfield>
  </datafield>
  <datafield ind1=" " ind2=" " tag="035">
    <subfield code="a">(OCoLC)23932363</subfield>
  </datafield>
  <datafield ind1=" " ind2=" " tag="035">
    <subfield code="a">(CStRLIN)NJPG88-B17232</subfield>
  </datafield>
  <datafield ind1=" " ind2=" " tag="035">
    <subfield code="9">ACB1472TS</subfield>
  </datafield>
  <datafield ind1=" " ind2=" " tag="040">
    <subfield code="a">NjP</subfield>
    <subfield code="c">NjP</subfield>
  </datafield>
  <datafield ind1="1" ind2=" " tag="100">
    <subfield code="a">Ḥalawānī, al-Ḥusayn ibn Muḥammad,</subfield>
    <subfield code="d">active 11th century.</subfield>
    <subfield code="0">http://id.loc.gov/authorities/names/nr91021886</subfield>
  </datafield>
  <datafield ind1="1" ind2="0" tag="245">
    <subfield code="a">Nuzhat al-nāẓir wa-tanbīh al-khāṭir :</subfield>
    <subfield code="b">kitāb nafīs yaḥtawī ʻalá ḥikam wa-āthār lil-Nabī wa-ālihi al-hudāh ʻalayhim al-salām /</subfield>
    <subfield code="c">lil-ʻallāmah al-Ḥusayn ibn Muḥammad ibn al-Ḥasan ibn Naṣr al-Ḥalwānī.</subfield>
  </datafield>
  <datafield ind1=" " ind2=" " tag="260">
    <subfield code="a">Mashhad :</subfield>
    <subfield code="b">Maṭbaʻat Saʻīd,</subfield>
    <subfield code="c">1404 [1983 or 1984]</subfield>
  </datafield>
  <datafield ind1=" " ind2=" " tag="300">
    <subfield code="a">78 p. ;</subfield>
    <subfield code="c">25 cm.</subfield>
  </datafield>
  <datafield ind1=" " ind2="0" tag="650">
    <subfield code="a">Hadith (Shiites)</subfield>
  </datafield>
  <datafield ind1=" " ind2=" " tag="998">
    <subfield code="a">05/07/92</subfield>
    <subfield code="s">9118</subfield>
    <subfield code="n">NjP</subfield>
    <subfield code="w">NJPG88B17232</subfield>
    <subfield code="d">03/30/88</subfield>
    <subfield code="c">KVV</subfield>
    <subfield code="b">JAB</subfield>
    <subfield code="i">920507</subfield>
    <subfield code="l">NJPG</subfield>
  </datafield>
  <datafield ind1=" " ind2=" " tag="911">
    <subfield code="a">19921028</subfield>
  </datafield>
  <datafield ind1=" " ind2=" " tag="912">
    <subfield code="a">19920507000000.0</subfield>
  </datafield>
  <datafield ind1="0" ind2="0" tag="852">
    <subfield code="0">474763</subfield>
    <subfield code="b">rcppa</subfield>
    <subfield code="t">1</subfield>
    <subfield code="h">BP193.26</subfield>
    <subfield code="i">.H34</subfield>
    <subfield code="x">tr fr arab</subfield>
  </datafield>
  <datafield ind1=" " ind2=" " tag="959">
    <subfield code="a">2000-06-13 00:00:00 -0500</subfield>
  </datafield>
</record>
